@misc{hidden-tribes,
  author = {Hawkins, Stephen and Yudkin, Daniel and Juan-Torres, Miriam and Dixon, Tim},
  title = {Hidden Tribes: A Study of America's Polarized Landscape},
  howpublished = {More in Common},
  year = {2018},
  note = {\url{https://www.moreincommon.com/hidden-tribes}}
}

@article{eco-vs-american,
  author   = "Sapienza, Paolo and Zingales, Luigi",
  title    = "Economic Experts versus Average Americans",
  journal  = "American Economic Review",
  year     = 2013,
  volume   = "103",
  number   = "10",
  pages    = "636--42",
  note = {\url{https://doi.org/10.1257/aer.103.3.636}}
}

@techreport{push-and-pull,
  author = {Maheshwor Shrestha},
  title = {Push and Pull: A Study of International Migration from Nepal},
  institution = {Washington, DC: World Bank Group},
  year = {2017},
  note = {\url{http://documents.worldbank.org/curated/en/318581486560991532/Push-and-pull-a-study-of-internation-migration-from-Nepal}},
  type = {Policy Research Working Paper WPS 7965}
}

@misc{greek-emigration,
  author = {Labrianidis, Lois and Pratsinakis, Manolis},
  title = {Greece's New Emigration at Times of Crisis},
  howpublished = {LSE Hellenic Observatory GreeSE Paper 99},
  year = {2016}
}

@article{new-zealand-lottery,
  author   = "Gibson, John and McKenzie, David and Rohorua, Halahingano and Stillman, Steven",
  title    = "The Long-Term Impacts of International Migration: Evidence from a Lottery",
  journal  = "World Bank Economic Review",
  month    = "February",
  year     = 2018,
  volume   = "32",
  number   = "1",
  pages    = "127--47",
}

@misc{usa-lottery,
  author = {Clemens, Michael and Montenegro, Claudio and Pritchett, Lant},
  title = {The Place Premium: Wage Differences for Identical Workers Across the U.S. Border},
  howpublished = {Center for Global Development Working Paper 148},
  year = {2009}
}

@misc{iceland-volcano,
  author = {Nakamura, Emi and Sigurdsson, Jósef and Steinsson, Jón},
  title = {The Gift of Moving: Intergenerational Conseqauences of a Mobility Shock},
  howpublished = {NBER Working Paper 22392},
  year = {2017, revised January 2019},
  note = {DOI: 10.3386/w22392}
}

@misc{finland-ww2,
  author = {Sarvimäki, Matti and Uusitalo, Roope and Jäntti, Markus},
  title = {Habit Formation and the Misallocation of Labor: Evidence from Forced Migrations},
  year = {2019},
  note = {\url{https://srn.com/abstract=3361356} or \url{http://dx.doi.org/10.2139/ssrn.3361356}}
}

@article{monga-migration,
  author   = "Gharad, Bryan and Chowdhury, Shyamal and Mobarak, Achmes Mushfiq",
  title    = "Underinvestment in a Profitable Technology: The Case of Seasonal Migration in Bangladesh",
  journal  = "Econometrica",
  year     = 2014,
  volume   = "82",
  number   = "5",
  pages    = "1671--1748",
}

@article{mariel-boatlift,
  author   = "Card, David",
  title    = "The Impact of the Mariel Boatlift on the Miami Labor Market",
  journal  = "Industrial and Labor Relations Review",
  year     = 1990,
  volume   = "43",
  number   = "2",
  pages    = "245--57",
}

@book{immigration-consequences,
  author    = {{National Academies of Sciences, Engineering, and Medicine}},
  editor    = "Francine D. Blau and Christopher Mackie",
  title     = "The Economic and Fiscal Consequences of Immigration",
  isbn      = "978-0-309-44445-3",
  doi       = "10.17226/23550",
  url       = "https://www.nap.edu/catalog/23550/the-economic-and-fiscal-consequences-of-immigration",
  year      = 2017,
  publisher = "The National Academies Press",
  address   = "Washington, DC"
}

@article{mechanization,
  author   = "Clemens, Michael A. and Lewis, Ethan G. and Postel, Hannah M.",
  title    = "Immigration Restrictions as Active Labor Market Policy: Evidence from the Mexican Bracero Exclusion",
  journal  = "American Economic Review",
  month    = "June",
  year     = 2018,
  volume   = "108",
  number   = "6",
  pages    = "1468--87",
}

@misc{native-low-skilled,
  author = {Foged and Peri},
  title = {Immigrants' Effect on Native Workers}
}

@article{low-skilled-wages,
  author   = "Cortés, Patricia",
  title    = "The effect of Low-Skilled Immigration on US Prices: Evidence from CPI Data",
  journal  = "Journal of Political Economy",
  year     = 2008,
  volume   = "116",
  number   = "3",
  pages    = "381--422",
}

@article{high-skilled-women,
  author   = "Cortés, Patricia and Tessada José",
  title    = "Low-Skilled IMmigration and the Labor Supply of Highly Skilled Women",
  journal  = "American Economic Journal: Applied Economics",
  month    = "July",
  year     = 2011,
  volume   = "3",
  number   = "3",
  pages    = "88--123",
}

@misc{immigrant-founders,
  author    = {{Center for American Entrepreneurship}},
  title     = "Immigrant Founders of the 2017 Fortune 500",
  url       = "http://startupusa.org/fortune500/",
  year      = 2017,
}

@misc{nepal-misinfo,
  author = {Shrestha, Maheshwor},
  title = {Get Rich or Die Tryin': Percieved Earnings, Percieved Mortality Rate, and the Value of a Statictical Life of Potential Work-Migrants from Nepal},
  howpublished = {World Bank Policy Research Working Paper 7945},
  year = {2017}	
}

@misc{wage-gap,
  author = {Ganong and Shoag},
  title = {Why Has Regional Income Convergence in the U.S. Declined?}
}

@article{steel-tariffs,
  author = "Chicago Booth",
  title = "Steel and Aluminum Tariffs",
  journal = "IGM Forum",
  year = 2018,
  note = {\url{http://www.imgchicago.org/surveys/steel-and-aluminum-tariffs}}
}

@article{people-like-economics,
  author = "Banerjee, Abhijit and Duflo, Esther and Stantcheva, Stefanie",
  title = "Me and Everyone Else: Do People Think Like Economists?",
  institution = {Massachusetts Institute of Technology},
  journal = "MIMEO",
  year = 2019
}

@book{papers-samuelson,
  author    = "Samuelson, Paul A.",
  title     = "The Collected Scientific Papers of Paul A. Samuelson",
  publisher = "Camebridge, MA: MIT Press",
  year      = 1966,
  volume    = "3",
  note     = "Page 683",
}

@book{political-economy,
  author    = "Ricardo, David",
  title     = "On the Principle of Political Economy and Taxation",
  publisher = "London: John Murray",
  year      = 1817,
}

@article{protection-wages,
  author   = "Samuelson, Paul A. and Stolper, William F.",
  title    = "Protection and Real Wages",
  journal  = "Review of Economic Studies",
  year     = 1941,
  volume   = "9",
  number   = "1",
  pages    = "58--73",
}
